=LDR  05129cem a2200913 i 4500
=001  004947751
=003  Uk
=005  20230223160422.0
=007  aj\canzn
=008  940114s1811\\\\it\b\\\\\\a\\\\\0\\\fre\\
=FMT  \\$a  MP
=019  4\$am140519092
=034  1\$3Sheet 1 at Maps K.Top.113.23.1.$aa$b1300000$dE0125357$eE0221143$fN0462321$gN0372216$2bound
=034  1\$3Sheet 2 at Maps K.Top.113.23.1.$aa$b1300000$dE0211825$eE0305327$fN0461402$gN0037423$2bound
=034  1\$aa$b1300000$dE0132300$eE0300500$fN0455600$gN0373400$2bound
=040  \\$aUk$beng$cUk$dUk$erda
=041  \\$afre$agre
=042  \\$aukblsr
=082  04$a912.56$223
=100  1\$aPalma, Gaetano,$ecartographer.
=242  10$aMap of the largest part of Turkey in Europe.$yeng
=245  10$aCARTE de la plus Grande Partie DE LA TURQUIE D'EUROPE DRESSÉ SUR D'ANCIENS MATÉRIAUX RECTIFIÉS PAR LES OBSERVATIONS ASTRONOMIQUES FAITES RÉCEMMENT SUR LES CÔTES ET SUE LES NOMBREUX RENSEIGNEMENTS FOURNIS PAR DIVERS VOYAGERS :$bDediée À. S. E. M.GR LE MARECHAL DUC DE RAGUSE, Grand Aigle de la Légion d'Honneur, Commandeur de la Couronne de Fer, grand cros de l'Ordre Royal de Würtenberg &c. &c. &c. /$cPAR GAETAN PALMA A TRIESTE AN 1811.
=255  \\$aScale of sheet 1 approximately 1:1,300,000$c(E 12°57'53"--E 22°43'11"/N 46°21'23"--N 37°16'22").
=255  \\$aScale of sheet 2 approximately 1:1,300,000$c(E 21°25'18"--E 30°27'53"/N 46°02'14"--N 37°23'4").
=255  \\$aScale approximately 1:1,300,000$c(E 13°23'00"--E 30°05'00"/N 45°56'00"--N 37°34'00").
=264  \1$a[Trieste] :$bPAR GAETAN PALMA A TRIESTE,$cAN 1811.
=300  \\$a1 map on 2 sheets :$bcopperplate engraving, hand colour ;$c70 x 102 cm
=336  \\$acartographic image$2rdacontent
=337  \\$aunmediated$2rdamedia
=338  \\$avolume$2rdacarrier
=500  \\$aRelief shown by shading.
=500  \\$aShows title in French at lower right with key (in French) adjacent and scale bar beneath.
=500  \\$aShows table (in French) of city populations at upper right.
=500  \\$aShows title in Greek at lower left with key (in Greek) above.
=500  \\$aInset at lower left with map of Morea.
=500  \\$aSeparately published?
=500  \\$aTitled "Carte de la plus grande partie de la Turquie d'Europe, par Gaetan Palma, 1811. Deux feuilles" in the Catalogue of Maps, Prints, Drawings, etc., forming the geographical and topographical collection attached to the Library of his late Majesty King George the third, etc., London, 1829.
=510  3\$aBritish Museum, Catalogue of Maps, Prints, Drawings, etc., forming the geographical and topographical collection attached to the Library of his late Majesty King George the third, etc., London, 1829
=546  \\$aShows titles in French and Greek.
=651  \7$aTURKEY IN EUROPE -$vMaps and charts$y1811.$2blmlsh
=651  \0$aGreece$vMaps$vEarly works to 1800.
=655  \7$aEarly maps.$2fast$0(OCoLC)fst01752681
=700  0\$aGeorge$bIII,$cKing of Great Britain,$d1738-1820,$eformer owner.$5Uk
=700  0\$aGeorge$bIV,$cKing of Great Britain,$d1762-1830,$edonor.$5Uk
=856  41$3Sheet 1 at Maps K.Top.113.23.1.$uhttps://www.flickr.com/photos/britishlibrary/50265857892$ydigitised map
=856  41$3Sheet 2 at Maps K.Top.113.23.1.$uhttps://www.flickr.com/photos/britishlibrary/50265676206$ydigitised map
=856  41$3All sheets at Maps K.Top.113.23.1.$uhttps://www.flickr.com/photos/britishlibrary/tags/sysnum004947751?sort=date-posted-desc$yDigitised item
=852  41$aBritish Library$bMAPS$jMaps K.Top.113.23.1.
=985  \\$aUpgraded from BL georeferencer data 2022-12-01.
=985  \\$aRecord amended for WR1606-1727
=985  \\$aUpdated by MS generated file for WR2302-017
=CAT  \\$aCONV$b00$c20040502$lBLL01$h1043
=CAT  \\$aglobal_upd$b40$c20060416$lBLL01$h1837
=CAT  \\$aBATCH-UPD$b40$c20090403$lBLL01$h1555
=CAT  \\$aMAP-BATCH$c20090415$lBLL01$h2204
=CAT  \\$aBATCH-UPD$b00$c20090627$lBLL01$h0336
=CAT  \\$aBATCH-UPD$b00$c20090915$lBLL01$h1220
=CAT  \\$aBATCH$b00$c20091205$lBLL01$h2241
=CAT  \\$aBATCH-UPD$b00$c20110602$lBLL01$h1232
=CAT  \\$aBATCH-UPD$b00$c20121031$lBLL01$h1314
=CAT  \\$aBATCH-UPD$b00$c20121031$lBLL01$h1317
=CAT  \\$aWR13_188$c20140208$lBLL01$h1235
=CAT  \\$a14195$b40$c20150921$lBLL01$h1418
=CAT  \\$a14195$b40$c20150921$lBLL01$h1458
=CAT  \\$aW1606-1727$c20160825$lBLL01$h1756
=CAT  \\$aW1606-1727$c20160825$lBLL01$h1846
=CAT  \\$aW1606-1727$c20160825$lBLL01$h1857
=CAT  \\$aW1711-1225$c20171203$lBLL01$h1010
=CAT  \\$aW2009-0364$c20200911$lBLL01$h1622
=CAT  \\$aW2009-0364$c20201002$lBLL01$h1551
=CAT  \\$a14185$b40$c20221205$lBLL01$h1305
=CAT  \\$a14185$b40$c20221205$lBLL01$h1344
=CAT  \\$a14185$b40$c20221205$lBLL01$h1345
=CAT  \\$aW2302-0174$c20230223$lBLL01$h1951
=FIN  \\$aY$d20150921
=LEO  \\$aMP17.0000146254
=SRC  \\$aMAP01$bbibmp17.200404.2.aa
=STA  \\$aSUPPRESSED$bunable to determine reason for suppression
=LAS  \\$aW2302-0174$b00$c20230223$lBLL01$h1951

