=LDR  03579cfm a22007333u 4500
=001  004982438
=003  Uk
=005  20230223160437.0
=007  aj\canzn
=008  940122q1690\\\\ie\b\\\\\\a\\\\\0\e\eng\\
=FMT  \\$a  MP
=019  4\$am520383028
=034  1\$aa$b1500$dW0090334$eW0090218$fN0531648$gN0531559$2bound
=040  \\$aUk$beng$cUk$dUk$erda$edcrmc
=042  \\$aukblsr
=082  7\$a912.41745$2ddc
=245  04$aThe ground plaine of Gallway.
=255  \\$aScale approximately 1:1,500$c(W 9°03'34"--W 9°02'18"/N 53°16'48"--N 53°15'59").
=264  \0$a[Galway],$c[c. 1690]
=300  \\$a1 map on 2 sheets :$bhand coloured pen and ink ;$c97 x 74 cm
=336  \\$acartographic image$2rdacontent
=337  \\$aunmediated$2rdamedia
=338  \\$asheet$2rdacarrier
=500  \\$aScale given in English feet.
=500  \\$aPlans for new fortifications for Galway indicated in red.
=500  \\$aIncludes small details of ships in the harbour.
=500  \\$aDuring the Jacobite-Williamite wars in Ireland (1688-1691), a number of plans were drawn up for new fortifications in Galway. This plan appears to date from this period.
=500  \\$aThis appears to be the presentation copy of the sketch at Maps K.Top.53.37. The writing on this sketch is in French, suggesting a French cartographer.
=500  \\$aTitled 'A drawn plan of Gallway. Two sheets.' in the Catalogue of Maps, Prints, Drawings, etc., forming the geographical and topographical collection attached to the Library of his late Majesty King George the third, etc., London, 1829.
=510  3\$aBritish Museum, Catalogue of Maps, Prints, Drawings, etc., forming the geographical and topographical collection attached to the Library of his late Majesty King George the third, etc., London, 1829
=650  \0$aMilitary art and science$zIreland$vMaps, Manuscript$vEarly works to 1800.
=651  \0$aGalway (Ireland)$vMaps$yEarly works to 1800.
=655  \7$aEarly maps.$2fast$0(OCoLC)fst01752681
=700  0\$aGeorge$bIII,$cKing of Great Britain,$d1738-1820,$eformer owner.$5Uk
=700  0\$aGeorge$bIV,$cKing of Great Britain,$d1762-1830,$edonor.$5Uk
=856  41$3Copy at Maps K.Top.53.32.$uhttps://www.flickr.com/photos/britishlibrary/50263310288$yDigitised item
=852  41$aBritish Library$bMAPS$jMaps K.Top.53.32.
=958  \\$a[CR] LIII.32.
=958  \\$a[CR] LIII.37.
=985  \\$aCorrected by BSS-generated file
=985  \\$aRecord amended for WR1606-1727
=985  \\$aUpdated by MS generated file for WR2302-017
=CAT  \\$aCONV$b00$c20040502$lBLL01$h1044
=CAT  \\$aglobal_upd$b40$c20060416$lBLL01$h1848
=CAT  \\$aBLSS-CORR$b00$c20080705$lBLL01$h2054
=CAT  \\$aBATCH-UPD$b00$c20090403$lBLL01$h1558
=CAT  \\$aMAP-BATCH$c20090415$lBLL01$h2205
=CAT  \\$aBATCH-UPD$b00$c20090915$lBLL01$h1243
=CAT  \\$aBATCH$b00$c20091205$lBLL01$h2253
=CAT  \\$aBATCH-UPD$b00$c20110602$lBLL01$h1240
=CAT  \\$aBATCH-UPD$b00$c20121128$lBLL01$h2217
=CAT  \\$aW1606-1727$c20160825$lBLL01$h1847
=CAT  \\$aSMITHF$b40$c20190513$lBLL01$h1504
=CAT  \\$aSMITHF$b40$c20190513$lBLL01$h1637
=CAT  \\$aSMITHF$b40$c20190513$lBLL01$h1733
=CAT  \\$aSMITHF$b40$c20190520$lBLL01$h1522
=CAT  \\$aW2009-0364$c20200911$lBLL01$h1622
=CAT  \\$aW2009-0364$c20201002$lBLL01$h1551
=CAT  \\$aW2302-0174$c20230223$lBLL01$h1951
=FIN  \\$aY
=LEO  \\$aMP17.0000177655
=SRC  \\$aMAP01$bbibmp17.200404.2.aa
=STA  \\$aSUPPRESSED$bPreliminary Record
=LAS  \\$aW2302-0174$b00$c20230223$lBLL01$h1951

