=LDR  03109cfm a2200649 i 4500
=001  004984493
=003  Uk
=005  20230223160449.0
=007  aj\canzn
=008  940123q1650\\\\it\i\\\\\\a\\\\\0\e\ita\\
=FMT  \\$a  MP
=019  4\$am530155087
=034  0\$aa$dE0092642$eE0102420$fN0463002$gN0460720$2bound
=040  \\$aUk$beng$cUk$dUk$erda$edcrmc
=042  \\$aukblsr
=082  04$a912.4523$223
=245  00$a"Carte de la Valteline;" being a coloured map, drawn about 1650, on a very large scale.
=255  \\$aScale not given.$c(E 9°26'42"--E 10°24'20"/N 46°30'02"--N 46°07'20").
=264  \0$a[Italy] :$b[publisher not identified],$c[c.1625?]
=300  \\$a1 map on 4 sheets :$bhand coloured pen and ink drawing ;$c51 x 290 cm, sheets ????
=336  \\$acartographic image$2rdacontent
=337  \\$aunmediated$2rdamedia
=338  \\$asheet$2rdacarrier
=500  \\$aRelief shown pictorially.
=500  \\$aTowns shown as collections of individual houses.
=500  \\$aThe valley has been straightened in order to fit the confines of the sheet.
=500  \\$aFields indicated by varying shades of green.
=500  \\$aTitled 'Carte dessiné de la Valtoline. Quatre feuilles' in the Catalogue of Maps, Prints, Drawings, etc., forming the geographical and topographical collection attached to the Library of his late Majesty King George the third, etc., London, 1829.
=510  3\$aBritish Museum, Catalogue of Maps, Prints, Drawings, etc., forming the geographical and topographical collection attached to the Library of his late Majesty King George the third, etc., London, 1829
=651  \0$aValtellina (Switzerland)$vMaps$vEarly works to 1800.
=655  \7$aEarly maps.$2fast$0(OCoLC)fst01752681
=700  0\$aGeorge$bIII,$cKing of Great Britain,$d1738-1820,$eformer owner.$5Uk
=700  0\$aGeorge$bIV,$cKing of Great Britain,$d1762-1830,$edonor.$5Uk
=856  41$3Copy at Maps K.Top.86.36.$uhttps://www.flickr.com/photos/britishlibrary/50262803743$yDigitised item
=852  41$aBritish Library$bMAPS$jMaps K.Top.86.36.
=985  \\$aRecord amended for WR1606-1727
=985  \\$aUpdated by MS generated file for WR2302-017
=CAT  \\$aCONV$b00$c20040502$lBLL01$h1044
=CAT  \\$aglobal_upd$b40$c20060416$lBLL01$h1848
=CAT  \\$aBATCH-UPD$b40$c20090403$lBLL01$h1559
=CAT  \\$aMAP-BATCH$c20090415$lBLL01$h2206
=CAT  \\$aBATCH-UPD$b00$c20090915$lBLL01$h1252
=CAT  \\$aBATCH$b00$c20091205$lBLL01$h2254
=CAT  \\$aBATCH-UPD$b00$c20110602$lBLL01$h1243
=CAT  \\$aBATCH-UPD$b00$c20121128$lBLL01$h2223
=CAT  \\$aWR13_188$c20140208$lBLL01$h1236
=CAT  \\$aW1606-1727$c20160825$lBLL01$h1848
=CAT  \\$aSMITHF$b40$c20190613$lBLL01$h1205
=CAT  \\$aSMITHF$b40$c20190613$lBLL01$h1206
=CAT  \\$aW2009-0364$c20200911$lBLL01$h1623
=CAT  \\$aW2009-0364$c20201002$lBLL01$h1551
=CAT  \\$aW2302-0174$c20230223$lBLL01$h1952
=FIN  \\$aY
=LEO  \\$aMP17.0000179710
=SRC  \\$aMAP01$bbibmp17.200404.2.aa
=STA  \\$aSUPPRESSED$bpreliminary record
=LAS  \\$aW2302-0174$b00$c20230223$lBLL01$h1952

