=LDR  02915 km a2200541 i 4500
=001  017853220
=003  Uk
=005  20201103181145.0
=007  kj\bo\
=008  940115s1665\\\\enknnn\\\\\\\\\\\\kneng\\
=FMT  \\$a  VM
=034  0\$aa$dW0000639$eW0000618$fN0513137$gN0513128$2bound
=040  \\$aUk$beng$cUk$dUk$erda
=042  \\$aukblsr
=052  7\$a912.421$2ddc
=100  1\$aHollar, Wenceslaus,$d1607-1677,$eartist,$eprintmaker.
=245  10$aBy Islington. /$cW: Hollar delin: et sculp. 1665.
=264  \0$a[London] :$b[unknown publisher],$c[1665]
=300  \\$a1 print :$betching ;$csheet 90.0 x 12.7 cm [trimmed within platemark].
=336  \\$astill image$2rdacontent
=337  \\$aunmediated$2rdamedia
=338  \\$avolume$2rdacarrier
=490  0\$aViews near London
=500  \\$aView of Islington Spa Fields, a dry river-bed to the foreground, the Waterhouse to the right in the middle ground with a high chimney stack and an encompassing wall and moat, fencing to the left, ladies and gentlemen walking in the field, buildings in the distance.
=500  \\$aPart of a series of small views of Islington.
=510  3\$aPennington, R, 'A Descriptive Catalogue of the Etched Work of Wenceslaus Hollar 1607-1677', Cambridge University Press (1982),$c917
=500  \\$aTitled 'Six Views at Islington, by Hollar.' in the Catalogue of Maps, Prints, Drawings, etc., forming the geographical and topographical collection attached to the Library of his late Majesty King George the third, etc., London, 1829.
=510  3\$aBritish Museum, Catalogue of Maps, Prints, Drawings, etc., forming the geographical and topographical collection attached to the Library of his late Majesty King George the third, etc., London, 1829
=561  1\$aPart of King George III's Topographical Collection. Donated to the nation by George IV.$5Uk
=655  \7$aEtchings$zEngland$zLondon$y1660-1670.$2gmgpc
=655  \7$aViews$zEngland$zLondon$y1660-1670.$2gmgpc
=651  \0$aLondon (England)$vPictorial works$zEarly works to 1800.
=700  0\$aGeorge$bIII,$cKing of Great Britain,$d1738-1820,$eformer owner.$5Uk
=700  0\$aGeorge$bIV,$cKing of Great Britain,$d1762-1830,$edonor.$5Uk
=856  41$3Copy at Maps K.Top.28.9.b.3$uhttps://www.flickr.com/photos/britishlibrary/50265113811$yDigitised item
=852  41$aBritish Library$bMAPS$jMaps K.Top.28.9.b.3
=985  \\$aRecord amended for WR1606-1727
=CAT  \\$a14508$b40$c20160520$lBLL01$h1416
=CAT  \\$a14508$b40$c20160520$lBLL01$h1427
=CAT  \\$aW1606-1727$c20160825$lBLL01$h1757
=CAT  \\$aW1606-1727$c20160825$lBLL01$h1853
=CAT  \\$aW1606-1727$c20160825$lBLL01$h1858
=CAT  \\$aW2009-0364$c20200911$lBLL01$h1624
=CAT  \\$aW2009-0364$c20201002$lBLL01$h1553
=CAT  \\$a12842$b40$c20201103$lBLL01$h1811
=FIN  \\$aY$d20160516
=STA  \\$aSUPPRESSED$bdelete
=LAS  \\$a12842$b40$c20201103$lBLL01$h1811

